%YAML 1.1
%TAG !u! tag:unity3d.com,2011:
--- !u!1 &573445210311193749
GameObject:
  m_ObjectHideFlags: 0
  m_CorrespondingSourceObject: {fileID: 0}
  m_PrefabInstance: {fileID: 0}
  m_PrefabAsset: {fileID: 0}
  serializedVersion: 6
  m_Component:
  - component: {fileID: 8746501728956086988}
  - component: {fileID: 7518633499027130135}
  - component: {fileID: 1066428282430865360}
  - component: {fileID: 3399593300287909773}
  m_Layer: 8
  m_Name: Plane
  m_TagString: Untagged
  m_Icon: {fileID: 0}
  m_NavMeshLayer: 0
  m_StaticEditorFlags: 0
  m_IsActive: 1
--- !u!4 &8746501728956086988
Transform:
  m_ObjectHideFlags: 0
  m_CorrespondingSourceObject: {fileID: 0}
  m_PrefabInstance: {fileID: 0}
  m_PrefabAsset: {fileID: 0}
  m_GameObject: {fileID: 573445210311193749}
  m_LocalRotation: {x: -0, y: -0, z: -0, w: 1}
  m_LocalPosition: {x: 0, y: 0, z: 0}
  m_LocalScale: {x: 1, y: 1, z: 1}
  m_Children: []
  m_Father: {fileID: 5416437121726289079}
  m_RootOrder: 0
  m_LocalEulerAnglesHint: {x: 0, y: 0, z: 0}
--- !u!33 &7518633499027130135
MeshFilter:
  m_ObjectHideFlags: 0
  m_CorrespondingSourceObject: {fileID: 0}
  m_PrefabInstance: {fileID: 0}
  m_PrefabAsset: {fileID: 0}
  m_GameObject: {fileID: 573445210311193749}
  m_Mesh: {fileID: 10209, guid: 0000000000000000e000000000000000, type: 0}
--- !u!23 &1066428282430865360
MeshRenderer:
  m_ObjectHideFlags: 0
  m_CorrespondingSourceObject: {fileID: 0}
  m_PrefabInstance: {fileID: 0}
  m_PrefabAsset: {fileID: 0}
  m_GameObject: {fileID: 573445210311193749}
  m_Enabled: 1
  m_CastShadows: 1
  m_ReceiveShadows: 1
  m_DynamicOccludee: 1
  m_MotionVectors: 1
  m_LightProbeUsage: 1
  m_ReflectionProbeUsage: 1
  m_RayTracingMode: 2
  m_RayTraceProcedural: 0
  m_RenderingLayerMask: 1
  m_RendererPriority: 0
  m_Materials:
  - {fileID: 2100000, guid: 129560eec18ce7747890cf1759774701, type: 2}
  m_StaticBatchInfo:
    firstSubMesh: 0
    subMeshCount: 0
  m_StaticBatchRoot: {fileID: 0}
  m_ProbeAnchor: {fileID: 0}
  m_LightProbeVolumeOverride: {fileID: 0}
  m_ScaleInLightmap: 1
  m_ReceiveGI: 1
  m_PreserveUVs: 0
  m_IgnoreNormalsForChartDetection: 0
  m_ImportantGI: 0
  m_StitchLightmapSeams: 1
  m_SelectedEditorRenderState: 3
  m_MinimumChartSize: 4
  m_AutoUVMaxDistance: 0.5
  m_AutoUVMaxAngle: 89
  m_LightmapParameters: {fileID: 0}
  m_SortingLayerID: 0
  m_SortingLayer: 0
  m_SortingOrder: 0
  m_AdditionalVertexStreams: {fileID: 0}
--- !u!65 &3399593300287909773
BoxCollider:
  m_ObjectHideFlags: 0
  m_CorrespondingSourceObject: {fileID: 0}
  m_PrefabInstance: {fileID: 0}
  m_PrefabAsset: {fileID: 0}
  m_GameObject: {fileID: 573445210311193749}
  m_Material: {fileID: 0}
  m_IsTrigger: 0
  m_Enabled: 1
  serializedVersion: 2
  m_Size: {x: 10, y: 0.25, z: 10}
  m_Center: {x: 0, y: -0.125, z: 0}
--- !u!1 &7851723058253630080
GameObject:
  m_ObjectHideFlags: 0
  m_CorrespondingSourceObject: {fileID: 0}
  m_PrefabInstance: {fileID: 0}
  m_PrefabAsset: {fileID: 0}
  serializedVersion: 6
  m_Component:
  - component: {fileID: 5416437121726289079}
  - component: {fileID: 822595783346570289}
  - component: {fileID: -8079870821583080914}
  m_Layer: 0
  m_Name: room_3
  m_TagString: Room
  m_Icon: {fileID: 0}
  m_NavMeshLayer: 0
  m_StaticEditorFlags: 0
  m_IsActive: 1
--- !u!4 &5416437121726289079
Transform:
  m_ObjectHideFlags: 0
  m_CorrespondingSourceObject: {fileID: 0}
  m_PrefabInstance: {fileID: 0}
  m_PrefabAsset: {fileID: 0}
  m_GameObject: {fileID: 7851723058253630080}
  m_LocalRotation: {x: 0, y: 0, z: 0, w: 1}
  m_LocalPosition: {x: 0, y: 0, z: 0}
  m_LocalScale: {x: 1, y: 1, z: 1}
  m_Children:
  - {fileID: 8746501728956086988}
  - {fileID: 242631219047983732}
  m_Father: {fileID: 0}
  m_RootOrder: 0
  m_LocalEulerAnglesHint: {x: 0, y: 0, z: 0}
--- !u!114 &822595783346570289
MonoBehaviour:
  m_ObjectHideFlags: 0
  m_CorrespondingSourceObject: {fileID: 0}
  m_PrefabInstance: {fileID: 0}
  m_PrefabAsset: {fileID: 0}
  m_GameObject: {fileID: 7851723058253630080}
  m_Enabled: 1
  m_EditorHideFlags: 0
  m_Script: {fileID: 11500000, guid: 74890c04639ed1f4b8b20eeabe737f58, type: 3}
  m_Name: 
  m_EditorClassIdentifier: 
  debugDiff:
    hardEstablished: 0
    easyRate: 0
    mediumRate: 0
    hardRate: 0
  difficulty: 4
  roomID: 3
  top: 2
  right: 2
  bottom: 0
  left: 2
  rooms:
  - {fileID: 7851723058253630080, guid: 12465e08647b12244b21b21fcbb2733a, type: 3}
  - {fileID: 7851723058253630080, guid: dab8c937661c51348ac15f7bd89aa715, type: 3}
  - {fileID: 7851723058253630080}
  - {fileID: 7851723058253630080, guid: 2b2df5df6d225b946bce32ece4d6ff06, type: 3}
  - {fileID: 7851723058253630080, guid: 18b587b1cb99e76458378e86a7908fbd, type: 3}
  - {fileID: 7851723058253630080, guid: 5d5c8fc124f2c764d8027965a3845b0a, type: 3}
  - {fileID: 7851723058253630080, guid: 05285a26dec493048be6c5dca78073b6, type: 3}
  - {fileID: 7851723058253630080, guid: 17fd0a7f098d1f44aa91f3c96b45b94e, type: 3}
  - {fileID: 7851723058253630080, guid: c27207b2c1e08864a848710a5d30a76b, type: 3}
  - {fileID: 7851723058253630080, guid: dd7c156b7a2d68546ab2f9c2ff2bfbd2, type: 3}
  - {fileID: 7851723058253630080, guid: 1b2f1293c0764f841991b3cce5ec7158, type: 3}
  - {fileID: 7851723058253630080, guid: 0a652de7b79599043a193636290af475, type: 3}
  - {fileID: 7851723058253630080, guid: a972f9b26dc34d246818b9dab9746dcc, type: 3}
  - {fileID: 7851723058253630080, guid: c0ca38db046cde640a49498e0cf058d4, type: 3}
  - {fileID: 7851723058253630080, guid: 93d4d4e2fde36e94bb0959129610cab9, type: 3}
  content: {fileID: 0}
--- !u!65 &-8079870821583080914
BoxCollider:
  m_ObjectHideFlags: 0
  m_CorrespondingSourceObject: {fileID: 0}
  m_PrefabInstance: {fileID: 0}
  m_PrefabAsset: {fileID: 0}
  m_GameObject: {fileID: 7851723058253630080}
  m_Material: {fileID: 0}
  m_IsTrigger: 1
  m_Enabled: 1
  serializedVersion: 2
  m_Size: {x: 9, y: 6, z: 9}
  m_Center: {x: 0, y: 3, z: 0}
--- !u!1001 &348825233315794335
PrefabInstance:
  m_ObjectHideFlags: 0
  serializedVersion: 2
  m_Modification:
    m_TransformParent: {fileID: 5416437121726289079}
    m_Modifications:
    - target: {fileID: -8679921383154817045, guid: 9da3650cc01f57243a093ad416bb1e99, type: 3}
      propertyPath: m_LocalPosition.x
      value: 0
      objectReference: {fileID: 0}
    - target: {fileID: -8679921383154817045, guid: 9da3650cc01f57243a093ad416bb1e99, type: 3}
      propertyPath: m_LocalPosition.y
      value: 0
      objectReference: {fileID: 0}
    - target: {fileID: -8679921383154817045, guid: 9da3650cc01f57243a093ad416bb1e99, type: 3}
      propertyPath: m_LocalPosition.z
      value: 0
      objectReference: {fileID: 0}
    - target: {fileID: -8679921383154817045, guid: 9da3650cc01f57243a093ad416bb1e99, type: 3}
      propertyPath: m_LocalRotation.x
      value: -0.7071068
      objectReference: {fileID: 0}
    - target: {fileID: -8679921383154817045, guid: 9da3650cc01f57243a093ad416bb1e99, type: 3}
      propertyPath: m_LocalRotation.y
      value: -0.000000037252903
      objectReference: {fileID: 0}
    - target: {fileID: -8679921383154817045, guid: 9da3650cc01f57243a093ad416bb1e99, type: 3}
      propertyPath: m_LocalRotation.z
      value: -0.000000037252903
      objectReference: {fileID: 0}
    - target: {fileID: -8679921383154817045, guid: 9da3650cc01f57243a093ad416bb1e99, type: 3}
      propertyPath: m_LocalRotation.w
      value: 0.7071068
      objectReference: {fileID: 0}
    - target: {fileID: -8679921383154817045, guid: 9da3650cc01f57243a093ad416bb1e99, type: 3}
      propertyPath: m_RootOrder
      value: 1
      objectReference: {fileID: 0}
    - target: {fileID: -8679921383154817045, guid: 9da3650cc01f57243a093ad416bb1e99, type: 3}
      propertyPath: m_LocalEulerAnglesHint.x
      value: -90
      objectReference: {fileID: 0}
    - target: {fileID: -8679921383154817045, guid: 9da3650cc01f57243a093ad416bb1e99, type: 3}
      propertyPath: m_LocalEulerAnglesHint.y
      value: 0
      objectReference: {fileID: 0}
    - target: {fileID: -8679921383154817045, guid: 9da3650cc01f57243a093ad416bb1e99, type: 3}
      propertyPath: m_LocalEulerAnglesHint.z
      value: 0
      objectReference: {fileID: 0}
    - target: {fileID: -8679921383154817045, guid: 9da3650cc01f57243a093ad416bb1e99, type: 3}
      propertyPath: m_LocalScale.z
      value: 1
      objectReference: {fileID: 0}
    - target: {fileID: -7511558181221131132, guid: 9da3650cc01f57243a093ad416bb1e99, type: 3}
      propertyPath: m_Materials.Array.data[0]
      value: 
      objectReference: {fileID: 2100000, guid: 5c699e4068ede6f4ba183cb348a5f8e3, type: 2}
    - target: {fileID: 919132149155446097, guid: 9da3650cc01f57243a093ad416bb1e99, type: 3}
      propertyPath: m_Name
      value: 1-Exit
      objectReference: {fileID: 0}
    - target: {fileID: 3451118302482216456, guid: 9da3650cc01f57243a093ad416bb1e99, type: 3}
      propertyPath: m_Convex
      value: 0
      objectReference: {fileID: 0}
    m_RemovedComponents: []
  m_SourcePrefab: {fileID: 100100000, guid: 9da3650cc01f57243a093ad416bb1e99, type: 3}
--- !u!4 &242631219047983732 stripped
Transform:
  m_CorrespondingSourceObject: {fileID: -8679921383154817045, guid: 9da3650cc01f57243a093ad416bb1e99, type: 3}
  m_PrefabInstance: {fileID: 348825233315794335}
  m_PrefabAsset: {fileID: 0}
--- !u!1001 &2231239867078695425
PrefabInstance:
  m_ObjectHideFlags: 0
  serializedVersion: 2
  m_Modification:
    m_TransformParent: {fileID: 242631219047983732}
    m_Modifications:
    - target: {fileID: 882989512790797929, guid: a51b1718f0ec3524bac0d59a7b3f9aa5, type: 3}
      propertyPath: m_Name
      value: 1Door_cols
      objectReference: {fileID: 0}
    - target: {fileID: 5514491990055037087, guid: a51b1718f0ec3524bac0d59a7b3f9aa5, type: 3}
      propertyPath: m_LocalPosition.x
      value: 0
      objectReference: {fileID: 0}
    - target: {fileID: 5514491990055037087, guid: a51b1718f0ec3524bac0d59a7b3f9aa5, type: 3}
      propertyPath: m_LocalPosition.y
      value: 0
      objectReference: {fileID: 0}
    - target: {fileID: 5514491990055037087, guid: a51b1718f0ec3524bac0d59a7b3f9aa5, type: 3}
      propertyPath: m_LocalPosition.z
      value: 0
      objectReference: {fileID: 0}
    - target: {fileID: 5514491990055037087, guid: a51b1718f0ec3524bac0d59a7b3f9aa5, type: 3}
      propertyPath: m_LocalRotation.x
      value: 0
      objectReference: {fileID: 0}
    - target: {fileID: 5514491990055037087, guid: a51b1718f0ec3524bac0d59a7b3f9aa5, type: 3}
      propertyPath: m_LocalRotation.y
      value: 0
      objectReference: {fileID: 0}
    - target: {fileID: 5514491990055037087, guid: a51b1718f0ec3524bac0d59a7b3f9aa5, type: 3}
      propertyPath: m_LocalRotation.z
      value: 0
      objectReference: {fileID: 0}
    - target: {fileID: 5514491990055037087, guid: a51b1718f0ec3524bac0d59a7b3f9aa5, type: 3}
      propertyPath: m_LocalRotation.w
      value: 1
      objectReference: {fileID: 0}
    - target: {fileID: 5514491990055037087, guid: a51b1718f0ec3524bac0d59a7b3f9aa5, type: 3}
      propertyPath: m_RootOrder
      value: 0
      objectReference: {fileID: 0}
    - target: {fileID: 5514491990055037087, guid: a51b1718f0ec3524bac0d59a7b3f9aa5, type: 3}
      propertyPath: m_LocalEulerAnglesHint.x
      value: 0
      objectReference: {fileID: 0}
    - target: {fileID: 5514491990055037087, guid: a51b1718f0ec3524bac0d59a7b3f9aa5, type: 3}
      propertyPath: m_LocalEulerAnglesHint.y
      value: 0
      objectReference: {fileID: 0}
    - target: {fileID: 5514491990055037087, guid: a51b1718f0ec3524bac0d59a7b3f9aa5, type: 3}
      propertyPath: m_LocalEulerAnglesHint.z
      value: 0
      objectReference: {fileID: 0}
    m_RemovedComponents: []
  m_SourcePrefab: {fileID: 100100000, guid: a51b1718f0ec3524bac0d59a7b3f9aa5, type: 3}
